@TechReport{Slava2006,
  author =       {Slava Akhmechet},
  title =        {Functional Programming for the Rest of Us},
  institution =  {http://www.defmacro.org/},
  year =         {2006},
  OPTkey =       {},
  OPTtype =      {},
  OPTnumber =    {},
  OPTaddress =   {},
  OPTmonth =     {},
  OPTnote =      {},
  OPTannote =    {}
}

